@online{ekt7006,
	title = {EKT DID7006},
	site = {ExploreDoc},
	year = {2015},
	cite = {2016-04-26},
	url = {http://exploredoc.com/doc/3174828/model-did7006-high-definition-ott-stb},
}

@online{RsyslogHUP,
	author = {Gergards, Rainer},
	title = {New rsyslog HUP processing},
	site = {Rainer's Blog},
	year = {2008},
	cite = {2016-04-26},
	url = {http://blog.gerhards.net/2008/10/new-rsyslog-hup-processing.html}
}

@online{RFC3164,
	author = {Lonvick, C.},
	title = {The BSD syslog Protocol},
	site = {IETF Tools Pages},
	year = {2001},
	cite = {2016-04-26},
	url = {https://tools.ietf.org/html/rfc3164}
}

@online{RFC5424,
	author = {Gerhards, R.},
	title = {The Syslog Protocol},
	site = {IETF Tools Pages},
	year = {2009},
	cite = {2016-04-26},
	url = {https://tools.ietf.org/html/rfc5424}
}

@article{NetworkAdmSurGuide,
	author = {Deveriya, Anand},
	title = {An Overview of the syslog Protocol},
	journal = {Network Administrators Survival Guide},
	pages   = {181-184},
	year = {2005},
	note={{ISBN:} 978-1-58705-211-8}
}

@online{RFC5424-TrProt,
	author = {Gerhards, R.},
	title = {Transport Layer Protocol},
	site = {IETF Tools Pages},
	year = {2009},
	cite = {2016-04-26},
	url = {https://tools.ietf.org/html/rfc5424\#page-7}
}

@online{RFC3164-UDP,
	author = {Lonvick, C.},
	title = {Transport Layer Protocol},
	site = {IETF Tools Pages},
	year = {2001},
	cite = {2016-04-26},
	url = {https://tools.ietf.org/html/rfc3164\#page-5}
}

@online{RFC5424-MsgForm,
	author = {Gerhards, R.},
	title = {Syslog Message Format},
	site = {IETF Tools Pages},
	year = {2009},
	cite = {2016-04-26},
	url = {https://tools.ietf.org/html/rfc5424\#page-8}
}

@online{Rsyslog-features,
	title = {RSyslog - Features},
	site = {RSyslog },
	cite = {2016-04-27},
	url = {http://www.rsyslog.com/doc/features.html}
}


